@article{Garenne:2009fq,
  author = {Garenne, Michel and Willie, Douladel and Maire, Bernard and Fontaine, Olivier and Eeckels, Roger and Briend, Andr{\'e} and Van den Broeck, Jan},
  title = {{Incidence and duration of severe wasting in two African populations}},
  journal = {Public Health Nutrition},
  year = {2009},
  volume = {12},
  number = {11},
  pages = {1974--1982},
  month = mar
}

